@book{DAC,
author={Basseville, M. AND Nikiforov, I. V.},
title={Detection of Abrupt Changes : Theory and Applications},
year={1993}
}

@article{CIS,
author={Page, E. S.},
title={Continuous Inspection Scheme},
journal={Biometrika},
year={1954}
}

@article{Was,
author={Oudre, Laurent AND Lung-Yut-Fong, Alexandre AND Bianchi, Pascal},
year={2011},
title={Segmentation automatique de signaux issus d’un accéléromètre triaxial en période de marche},
note={Proceedings of the European Signal Processing Conference (EUSIPCO), Barcelona, Spain},
}

@book{MLE,
author={Wasserman, Larry},
title={All of Statistics : A concise course in statistical inference},
year={2004}
}